% This file was created with JabRef 2.7b.
% Encoding: UTF-8

@MISC{ckl94,
  author = {Anthony R. Cassandra and Leslie Pack Kaelbling and Michael L. Littman},
  title = {Acting Optimally in Partially Observable Stochastic Domains},
  year = {1994}
}

@MISC{readme,
  author = {Prof. Dr. Marcus Hutter},
  title = {Practical Assignment, Foundations of Artificial Intelligence},
  month = {April},
  year = {2012},
  owner = {marco},
  timestamp = {2012.05.20}
}

@ARTICLE{KLC95,
  author = {Leslie Pack Kaelbling and Michael L. Littman and Anthony R. Cassandra},
  title = {Planning and acting in partially observable stochastic domains},
  journal = {ARTIFICIAL INTELLIGENCE},
  year = {1998},
  volume = {101},
  pages = {99--134}
}

@INCOLLECTION{kuhn50,
  author = {H. W. Kuhn},
  title = {A simplified two-person poker},
  booktitle = {Contributions to the Theory of Games},
  publisher = {Princeton University Press},
  year = {1950},
  number = {24},
  series = {Annals of Mathematics Studies},
  pages = {97â€“103},
  owner = {marco},
  timestamp = {2012.05.22}
}

@INPROCEEDINGS{HSHB05,
  author = {Finnegan Southey and Bret Hoehn and Robert C. Holte},
  title = {Effective Short-Term Opponent Exploitation in Simplified Poker},
  booktitle = {In Proceedings of the National Conference on Artificial Intelligence
	(AAAI)},
  year = {2005},
  pages = {783--788},
  publisher = {AAAI Press}
}

@ARTICLE{mc_aixi_ctw,
  author = {Joel Veness and Kee Siong Ng and Marcus Hutter and David Silver},
  title = {A Monte Carlo {AIXI} Approximation},
  journal = {CoRR},
  year = {2009},
  volume = {abs/0909.0801},
  bibsource = {DBLP, http://dblp.uni-trier.de},
  ee = {http://arxiv.org/abs/0909.0801}
}

@ARTICLE{ctw2,
  author = {Frans Willems and Yuri Shtarkov and Tjalling Tjalkens},
  title = {Reflections on "The Context-Tree Weighting Method: Basic Properties"},
  journal = {Newletter of the IEEE Transactions on Information Theory},
  year = {1997}
}

@ARTICLE{ctw1,
  author = {Frans M. J. Willems and Yuri M. Shtarkov and Tjalling J. Tjalkens},
  title = {The Context-Tree Weighting Method: Basic Properties},
  journal = {IEEE Transactions on Information Theory},
  year = {1995},
  volume = {41},
  pages = {653--664}
}

